% This file was created with JabRef 2.10b2.
% Encoding: ISO8859_1


@InProceedings{Friggeri2014,
  Title                    = {Rumor Cascades},
  Author                   = {Friggeri, Adrien and Adamic, Lada A and Eckles, Dean and Cheng, Justin},
  Booktitle                = {Proceedings of the Eighth International AAAI Conference on Weblogs and Social Media},
  Year                     = {2014},

  Owner                    = {giovanni},
  Timestamp                = {2014.06.13}
}

@Misc{Google2013,
  Title                    = {50,000 Lessons on How to Read: a Relation Extraction Corpus},

  Author                   = {{Google Inc.}},
  HowPublished             = {\url{http://googleresearch.blogspot.com}},
  Month                    = {Apr},
  Note                     = {Last accessed 2014-06},
  Year                     = {2013},

  Owner                    = {giovanni},
  Timestamp                = {2014.06.16}
}

@Book{Poole2007,
  Title                    = {Ideology and {C}ongress: A Political Economic History of Roll Call Voting},
  Author                   = {Poole, Keith T and Rosenthal, Howard},
  Publisher                = {Transaction Publishers},
  Year                     = {2007}
}

@InProceedings{Ratkiewicz2011,
  Title                    = {Detecting and Tracking Political Abuse in Social Media.},
  Author                   = {Ratkiewicz, Jacob and Conover, Michael and Meiss, Mark and Gon{\c{c}}alves, Bruno and Flammini, Alessandro and Menczer, Filippo},
  Booktitle                = {Proceedings of the Fifth International {AAAI} Conference on Weblogs and Social Media},
  Year                     = {2011},

  Owner                    = {giovanni},
  Timestamp                = {2014.06.13}
}

@Misc{Snopes.com,
  Title                    = {Urban Legends Reference Pages},

  Author                   = {Snopes.com},
  HowPublished             = {\url{http://www.snopes.com/}},
  Note                     = {Last accessed 2014-06},

  Owner                    = {giovanni},
  Timestamp                = {2014.06.13}
}

@TechReport{VariousAuthors2010,
  Title                    = {Growing Number of {A}mericans Say {O}bama is a {M}uslim},
  Author                   = {{Various Authors}},
  Institution              = {Pew Research Center},
  Year                     = {2010},

  Owner                    = {giovanni},
  Timestamp                = {2014.06.10}
}

